<?xml version="1.0" encoding="UTF-8"?><collection xmlns="http://www.loc.gov/MARC21/slim"><record><leader>00628nam--2200217-u-4500</leader><controlfield tag="001">000050363</controlfield><controlfield tag="002">20161230</controlfield><controlfield tag="003">81786</controlfield><controlfield tag="005">20161230201048</controlfield><controlfield tag="008">070129s1000------------r-----000-0-eng-d</controlfield><datafield ind1=" " ind2=" " tag="020"><subfield code="a">0-8218-2951-3</subfield></datafield><datafield ind1=" " ind2=" " tag="040"><subfield code="a">IFIN-HH</subfield></datafield><datafield ind1=" " ind2=" " tag="041"><subfield code="a">eng</subfield></datafield><datafield ind1="1" ind2=" " tag="100"><subfield code="a">Agricola,Ilka and Friedrich,Thomas</subfield></datafield><datafield ind1="1" ind2="0" tag="245"><subfield code="a">Global Analysis. Differential Forms in Analysis, Geometry and Physics</subfield></datafield><datafield ind1=" " ind2=" " tag="260"><subfield code="a">Providence</subfield><subfield code="b">American Mathematical Society</subfield><subfield code="c">2002</subfield></datafield><datafield ind1=" " ind2=" " tag="300"><subfield code="a">343 p</subfield></datafield><datafield ind1=" " ind2=" " tag="490"><subfield code="a">Graduate Studies in Mathematics</subfield><subfield code="v">Vol.52</subfield></datafield><datafield ind1=" " ind2="4" tag="650"><subfield code="a">Global Analysis</subfield><subfield code="v">Vol.52</subfield></datafield><datafield ind1=" " ind2=" " tag="852"><subfield code="a">81786</subfield><subfield code="c">513.73</subfield></datafield><datafield ind1=" " ind2=" " tag="CAT"><subfield code="a">Sys</subfield><subfield code="c">20080924</subfield><subfield code="h">093425</subfield></datafield></record></collection>